<record><leader>00000cas a2200000 i 4500</leader><controlfield tag="001">15375020</controlfield><controlfield tag="008">870327d19041973inuwr ne      0    0eng c</controlfield><datafield ind1=" " ind2=" " tag="010"><subfield code="a">sn 87055698 </subfield></datafield><datafield ind1=" " ind2=" " tag="040"><subfield code="a">NPI</subfield><subfield code="b">eng</subfield><subfield code="e">rda</subfield><subfield code="c">NPI</subfield><subfield code="d">OCLCQ</subfield><subfield code="d">IUL</subfield><subfield code="d">OCLCF</subfield></datafield><datafield ind1=" " ind2=" " tag="042"><subfield code="a">pcc</subfield></datafield><datafield ind1=" " ind2=" " tag="043"><subfield code="a">n-us-in</subfield></datafield><datafield ind1="0" ind2="4" tag="245"><subfield code="a">The Saturday spectator.</subfield></datafield><datafield ind1="1" ind2=" " tag="246"><subfield code="i">Some issue have cover title:</subfield><subfield code="a">Spectator</subfield></datafield><datafield ind1=" " ind2="1" tag="264"><subfield code="a">Terre Haute, Ind. :</subfield><subfield code="b">Spectator Pub. Co.,</subfield><subfield code="c">1904-1973.</subfield></datafield><datafield ind1=" " ind2=" " tag="300"><subfield code="a">70 volumes :</subfield><subfield code="b">illustrations</subfield></datafield><datafield ind1=" " ind2=" " tag="310"><subfield code="a">Weekly</subfield></datafield><datafield ind1=" " ind2=" " tag="336"><subfield code="a">text</subfield><subfield code="b">txt</subfield><subfield code="2">rdacontent</subfield></datafield><datafield ind1=" " ind2=" " tag="337"><subfield code="a">unmediated</subfield><subfield code="b">n</subfield><subfield code="2">rdamedia</subfield></datafield><datafield ind1=" " ind2=" " tag="338"><subfield code="a">volume</subfield><subfield code="b">nc</subfield><subfield code="2">rdacarrier</subfield></datafield><datafield ind1="0" ind2=" " tag="362"><subfield code="a">Vol. 1, no. 7 (May 21, 1904)-Vol. CVXIXII [134?], no. 14 (October 13, 1973).</subfield></datafield><datafield ind1=" " ind2=" " tag="515"><subfield code="a">Vol. numbering irregular.</subfield></datafield><datafield ind1=" " ind2="0" tag="651"><subfield code="a">Terre Haute (Ind.)</subfield><subfield code="v">Newspapers.</subfield></datafield><datafield ind1=" " ind2="0" tag="651"><subfield code="a">Vigo County (Ind.)</subfield><subfield code="v">Newspapers.</subfield></datafield><datafield ind1=" " ind2="7" tag="651"><subfield code="a">Indiana</subfield><subfield code="z">Terre Haute.</subfield><subfield code="2">fast</subfield><subfield code="0">(OCoLC)fst01207975</subfield></datafield><datafield ind1=" " ind2="7" tag="651"><subfield code="a">Indiana</subfield><subfield code="z">Vigo County.</subfield><subfield code="2">fast</subfield><subfield code="0">(OCoLC)fst01206381</subfield></datafield><datafield ind1=" " ind2="7" tag="655"><subfield code="a">Newspapers.</subfield><subfield code="2">fast</subfield><subfield code="0">(OCoLC)fst01423814</subfield></datafield><datafield ind1=" " ind2=" " tag="752"><subfield code="a">United States</subfield><subfield code="b">Indiana</subfield><subfield code="c">Vigo</subfield><subfield code="d">Terre Haute.</subfield></datafield><datafield ind1="0" ind2="0" tag="780"><subfield code="t">Spectator (Terre Haute, Ind. : 1904)</subfield><subfield code="w">(DLC)sn 91099316</subfield><subfield code="w">(OCoLC)23731382</subfield></datafield><datafield ind1="0" ind2="0" tag="785"><subfield code="t">Spectator (Terre Haute, Ind.)</subfield><subfield code="w">(DLC)sn 87055709</subfield><subfield code="w">(OCoLC)15376682</subfield></datafield><datafield ind1="4" ind2="1" tag="856"><subfield code="u">https://access.newspaperarchive.com/us/indiana/terre-haute/terre-haute-saturday-spectator/</subfield></datafield><datafield ind1="4" ind2="1" tag="856"><subfield code="u">https://access.newspaperarchive.com/us/indiana/terre-haute/terre-haute-spectator/</subfield></datafield></record>